<?xml version="1.0" encoding="UTF-8"?><collection xmlns="http://www.loc.gov/MARC21/slim"><record><leader>00447nam--2200133-i-4500</leader><controlfield tag="001">000046363</controlfield><controlfield tag="002">20161230</controlfield><controlfield tag="005">20161230201045</controlfield><controlfield tag="008">060222s1000------------r-----000-0-eng-d</controlfield><datafield ind1=" " ind2=" " tag="080"><subfield code="a">621.039.524.4(043)</subfield></datafield><datafield ind1=" " ind2=" " tag="100"><subfield code="a">Ursu, Ecaterina</subfield></datafield><datafield ind1=" " ind2=" " tag="245"><subfield code="a">Metode rapide de calcul pentru predeterminarea ragimurilor tranzitorii periculoase in reactorii nucleari cu apa sub presiune. teza</subfield></datafield><datafield ind1=" " ind2=" " tag="260"><subfield code="a">Bucuresti, Inst.Central De Fizica, 1987, 159p</subfield></datafield><datafield ind1=" " ind2=" " tag="852"><subfield code="a">73950</subfield></datafield></record></collection>